%% This BibTeX bibliography file was created using BibDesk.
%% http://bibdesk.sourceforge.net/


%% Created for Nohhyun Park at 2011-10-20 13:09:07 -0500 


%% Saved with string encoding Unicode (UTF-8) 

@inproceedings{wood2007black,
	Author = {Wood, T. and Shenoy, P. and Venkataramani, A. and Yousif, M.},
	Booktitle = {Proceedings of the 4th conference on Symposium on Networked Systems Design \& Implementation},
	Organization = {USENIX Association},
	Title = {Black-box and gray-box strategies for virtual machine migration},
	Year = {2007}}

@article{vaghani2010virtual,
	Author = {Vaghani, S.B.},
	Journal = {ACM SIGOPS Operating Systems Review},
	Number = {4},
	Pages = {57--70},
	Publisher = {ACM},
	Title = {Virtual machine file system},
	Volume = {44},
	Year = {2010}}


@inproceedings{coffman1996approximation,
	Author = {Coffman Jr, E.G. and Garey, M.R. and Johnson, D.S.},
	Booktitle = {Approximation algorithms for NP-hard problems},
	Organization = {PWS Publishing Co.},
	Pages = {46--93},
	Title = {Approximation algorithms for bin packing: A survey},
	Year = {1996}}

@article{chang2008bigtable,
	Author = {Chang, F. and Dean, J. and Ghemawat, S. and Hsieh, W.C. and Wallach, D.A. and Burrows, M. and Chandra, T. and Fikes, A. and Gruber, R.E.},
	Journal = {ACM Transactions on Computer Systems (TOCS)},
	Number = {2},
	Pages = {1--26},
	Publisher = {ACM},
	Title = {Bigtable: A distributed storage system for structured data},
	Volume = {26},
	Year = {2008}}

@misc{sievert2004iometer,
	Author = {Sievert, J.},
	Title = {Iometer: The {I/O} performance analysis tool for servers},
	Year = {2004}}









@techreport{hds-storage-tco,
	Author = {David R. Merrill},
	Title = {Storage Economics: Four Principles for Reducing Total Cost of Ownership},
	institution = {Hitachi Data Systems},
	Year = {2009},
	note = {\url{http://www.hds.com/assets/pdf/four-principles-for-reducing-total-cost-of}\\\url{-ownership.pdf}}
}

@techreport{burton-group-cost-model,
	Author = {Nik Simpson},
	Title = {Building a Data Center Cost Model},
	institution = {Burton Group},
	Year = {2010},
	note = {\url{http://www.burtongroup.com/Research/DocumentList.aspx?cid=49}}
}





@inproceedings{basil,
	Author = {Gulati, Ajay and Kumar, Chethan and Ahmad, Irfan and Kumar, Karan},
	Booktitle = {Proceedings of the 8th USENIX conference on File and Storage Technologies},
	Publisher = {USENIX Association},
	Series = {FAST'10},
	Title = {{BASIL}: Automated {IO} load balancing across storage devices},
	Year = {2010}
}

@inproceedings{pesto,
	Author = {Ajay Gulati and Ganesha Shanmuganathan and Irfan Ahmad and Carl A. Waldspurger and Mustafa Uysal},
	Booktitle = {Proceedings of the 2nd ACM Symposium on Clound Computing},
	Title = {Pesto: Online Storage Performance Management in Virtualized Datacenters},
	Publisher = {ACM},
	Series = {SOCC'11},
	Year = {2011}
}

@inproceedings{vectordot,
  author={Singh, A. and Korupolu, M. and Mohapatra, D.},
  booktitle={Proceedings of the 2008 ACM/IEEE conference on Supercomputing},
  title={Server-storage virtualization: integration and load balancing in data centers},
  publisher={IEEE Press},
	Series = {SC'08},
  year={2008}
}






@book{hayashi2000econometrics,
  title={Econometrics},
  author={Hayashi, F.},
  year={2000},
  publisher={Princeton University Press},
}

@article{chatfield1993calculating,
  title={Calculating interval forecasts},
  author={Chatfield, C.},
  journal={Journal of Business \& Economic Statistics},
  pages={121--135},
  year={1993},
  publisher={JSTOR}
}

@book{lilja,
  title={Measuring computer performance: a practitioner's guide},
  author={Lilja, D.J.},
  year={2005},
  publisher={Cambridge Univ Press}
}

@article{durbin1951testing,
	Author = {Durbin, J. and Watson, G.S.},
	Journal = {Biometrika},
	Number = {1-2},
	Pages = {159},
	Publisher = {Biometrika Trust},
	Title = {Testing for serial correlation in least squares regression. II},
	Volume = {38},
	Year = {1951}
}

@article{little1961proof,
  author={Little, J.D.C.},
  journal={Operations research},
  title={A Proof for the Queuing Formula: L= $\lambda$ W},
  pages={383--387},
  year={1961},
  publisher={JSTOR}
}

@article{kirkpatrick1983optimization,
  title={Optimization by simulated annealing},
  author={Kirkpatrick, S. and Gelatt Jr, C.D. and Vecchi, M.P.},
  journal={science},
  volume={220},
  number={4598},
  pages={671--680},
  year={1983},
  publisher={American Association for the Advancement of Science}
}

@article{granville1994simulated,
  title={Simulated annealing: A proof of convergence},
  author={Granville, V. and Kriv{\'a}nek, M. and Rasson, J.P.},
  journal={Pattern Analysis and Machine Intelligence, IEEE Transactions on},
  volume={16},
  number={6},
  pages={652--656},
  year={1994},
  publisher={IEEE}
}





@book{vmware5,
	title={{VM}ware v{S}phere 5 clustering: technical deepdive},
	author={Duncan Epping and Frank Denneman},
	year={2011},
	publisher={VMware}
}

@misc{drs-whitepaper,
	Title = {Resource Management with {VM}ware {DRS}},
	howpublished = {\url{http://vmware.com/pdf/vmware_drs_wp.pdf}},
	Year = {2006},
}

@inproceedings{parda,
  author={Gulati, A. and Ahmad, I. and Waldspurger, C.A.},
  booktitle={Proccedings of the 7th USENIX conference on File and storage technologies},
  title={PARDA: Proportional allocation of resources for distributed storage access},
	Publisher = {USENIX Association},
	Series = {FAST'09},
  year={2009},
}

@inproceedings{ahmad2011vic,
  author={Ahmad, I. and Gulati, A. and Mashtizadeh, A.},
  booktitle={Proceedings of the 2011 USENIX Annual Technical Conference},
  title={vIC: Interrupt coalescing for virtual machine storage device IO},
	Publisher = {USENIX Association},
	Series = {USENIX ATC'11},
  year={2011}
}








@inproceedings{nelson2005fast,
	Author = {Nelson, M. and Lim, B.H. and Hutchins, G.},
	Booktitle = {Proceedings of the 2005 USENIX Annual Technical Conference},
	Title = {Fast transparent migration for virtual machines},
	Publisher = {USENIX Association},
	Series = {USENIX ATC'05},
	Year = {2005}
}

@inproceedings{clark2005live,
	Author = {Clark, C. and Fraser, K. and Hand, S. and Hansen, J.G. and Jul, E. and Limpach, C. and Pratt, I. and Warfield, A.},
	Booktitle = {Proceedings of the 2nd conference on Symposium on Networked Systems Design \& Implementation},
	Title = {Live migration of virtual machines},
	Publisher = {USENIX Association},
	Series = {NSDI'05},
	Year = {2005}
}

@inproceedings{mashtizadeh2011design,
  author={Mashtizadeh, A. and Celebi, E. and Garfinkel, T. and Cai, M.},
	Booktitle = {Proceedings of the 2011 USENIX Annual Technical Conference},
  title={The design and evolution of live storage migration in VMware ESX},
	Publisher = {USENIX Association},
	Series = {USENIX ATC'11},
  year={2011}
}







@inproceedings{ahmad2007easy,
  title={Easy and efficient disk I/O workload characterization in VMware ESX server},
  author={Ahmad, I.},
  booktitle={Workload Characterization, 2007. IISWC 2007. IEEE 10th International Symposium on},
  year={2007},
	Series = {IISWC'07},
  organization={IEEE}
}

@article{tarasovextracting,
  title={Extracting Flexible, Replayable Models from Large Block Traces},
  author={Tarasov, V. and Kumar, S. and Ma, J. and Hildebrand, D. and Povzner, A. and Kuenning, G. and Zadok, E.},
  booktitle={Proccedings of the 10th USENIX conference on File and storage technologies},
	Publisher = {USENIX Association},
	Series = {FAST'12},
  year={2012}
}

@inproceedings{relative-fitness,
  author={Wang, M. and Au, K. and Ailamaki, A. and Brockwell, A. and Faloutsos, C. and Ganger, G.R.},
  booktitle={Proceedings of the 12th International Symposium on Modeling, Analysis, and Simulation of Computer and Telecommunications Systems},
  title={Storage device performance prediction with CART models},
  year={2004},
  publisher={IEEE},
	Series = {MASCOTS'04}
}

@inproceedings{liu:2008:GPC,
	Author = {Zhaobin Liu and Bo Jiang and Zixiang Zhao and Yunhan Jiang},
	Booktitle = {Proceedings of the 3rd International Conference on Advances in Grid and Pervasive Computing},
	Title = {Modeling and Simulation of Self-Similar Storage I/O},
  publisher={IEEE},
	Year = {2008},
	Series = {GPC'08}
}

@inproceedings{Swaroop:2008:IISWC,
	Author = {Swaroop Kavalanekar, Bruce Worthingto, Qi Zhang and Vishal Sharda},
	Booktitle = {Proceedings of the 2008 IEEE International Symposium on Workload Characterization},
	Title = {Characterization of Storage Workload Traces from Production Windows Servers},
  publisher={IEEE},
	Year = {2008},
	Series = {IISWC'08}
}

@techreport{workload-suggestion,
  Author = {Liang Wang},
  Title = {Workload configurations for typical enterprise workloads},
	institution = {Microsoft},
  Note = {\url{http://blogs.msdn.com/b/tvoellm/archive/2009/05/07/useful-io-profiles-for-simulating-}\\\url{various-workloads.aspx}},
  Year = {2009}}

@inproceedings{benchmark,
	Author = {N Park and W Xiao and K Choi and DJ Lilja},
	booktitle = {7th IEEE International Workshop on Storage Network Architecture and Parallel {I/O}},
	Title = {A Statistical Evaluation of the Impact of Parameter Selection on Storage System Benchmarks},
	publisher={IEEE},
	year={2011},
	Series = {SNAPI'11}
}
